@book{tocci,
  title={Sistemas digitales: principios y aplicaciones},
  author={Tocci, R.J. and Widmer, N.S. and C{\'a}rdenas, J.L.},
  isbn={9789702602972},
  url={https://books.google.com.mx/books?id=bmLuH0CsIh0C},
  year={2003},
  publisher={PEARSON EDUCACION}
}

@book{godse,
  title={Digital Systems Design - I},
  author={Godse, A.P. and Godse, D.A.},
  isbn={9788184314625},
  url={https://books.google.com.mx/books?id=AawuG0abQiAC},
  year={2008},
  publisher={Technical Publications}
}

@book{garza,
  title={Sistemas digitales y electrónica digital, prácticas de laboratorio},
  author={Garza, J.Á.G.},
  isbn={9789702607199},
  url={https://books.google.com.mx/books?id=Lq-4kUeLMRUC},
  year={2006},
  publisher={Pearson}
}

@book{mano,
  title={Diseño Digital},
  author={Mano, M.M.},
  isbn={9789702604389},
  url={https://books.google.com.mx/books?id=8WhBtfnaenkC},
  year={2003},
  publisher={Pearson Educación}
}