@online{Leon,
    author = "Jorge León",
    title = "Integración estocástica con respecto al movimiento browniano",
    url  = "https://www.redalyc.org/pdf/468/46814206.pdf",
    addendum = "(accessed: 16.09.2020)",
    keywords = "brownian, motion"
}